% This is annote.bib
% Author: Ayman Ammoura
% A demo for CMPUT 603 Fall 2002.
% The order of the following entries is irrelevant. They will be sorted according to the
% bibliography style used.
%%%%%%%%%%%%%%%%%%%%%%%%%%%%%%%%%%%%%%%%%%%%%%%%%%%%%%%%%%%%%%%%%%%%%%%%%%%%%%%%%%%%%%%%%

% The following is a conference paper

@book{buurenvan2018flexible,
  title={Flexible imputation of missing data},
  author={Buuren, van, Stef},
  year={2018},
  publisher={Chapman and Hall/CRC},
}

@article{vanBuurenEtAl:2006,
	title={Fully conditional specification in multivarite imputation},
	author={van Buuren, Stef and Brand, J. P. L. and Groothuis-Oudshoorn, C. G. M. and Rubin, D. B.},
	journal={Journal of Statistical Computation and Simulation},
	year={2006},
	volume={76},
	number={12},
	pages={1049--1064}
}

@article{arnold2001conditionally,
	title={Conditionally specified distributions: an introduction (with comments and a rejoinder by the authors)},
	author={Arnold, Barry C and Castillo, Enrique and Sarabia, Jose Maria and others},
	journal={Statistical Science},
	volume={16},
	number={3},
	pages={249--274},
	year={2001},
	publisher={Institute of Mathematical Statistics}
}

@article{gelmanraghunthan2001,
	ISSN = {08834237},
	URL = {http://www.jstor.org/stable/2676690},
	author = {Andrew Gelman and T. E. Raghunathan},
	journal = {Statistical Science},
	number = {3},
	pages = {268--269},
	publisher = {Institute of Mathematical Statistics},
	title = {[Conditionally Specified Distributions: An Introduction]: Comment},
	volume = {16},
	year = {2001},
}

@inproceedings{orchardWoodbury:1972,
	title = {A missing information principle: {Theory} and applications},
	author = {Orchard, Terence and Woodbury, Max A},
	booktitle = {Proceedings of the Sixth Berkeley Symposium on Mathematical Statistics and Probability, Volume 1: Theory of Statistics},
	year = {1972},
	organization = {The Regents of the University of California}
}

@article{collinsEtAl:2001,
	author = {Collins, L. M. and Schafer, J. L. and Kam, C.},
	title = {A comparison of inclusive and restrictive strategies in modern missing data procedures},
	journal = {Pscyhological Methods},
	year = {2001},
	volume = {6},
	number = {4},
	pages = {330--351},
	doi = {10.1037//1082-989X.6.4.330}
}


%%
