%%% Title:    	 Statistical Learning books
%%% Author:    Edoardo Costantini
%%% Created:  2019-09-13
%%% Modified: 2019-09-13

@book{bollen:1989,
	title={Structural Equations with Latent Variables},
	author={Bollen, Kenneth A},
	volume={210},
	year={1989},
	publisher={John Wiley \& Sons}
}

@book{friedmanEtAl:2001,
  title={The elements of statistical learning},
  author={Friedman, Jerome and Hastie, Trevor and Tibshirani, Robert},
  volume={1},
  number={10},
  year={2001},
  publisher={Springer series in statistics New York}
}

@book{hastieEtAl:2015,
  title={Statistical learning with sparsity: the lasso and generalizations},
  author={Hastie, Trevor and Tibshirani, Robert and Wainwright, Martin},
  year={2015},
  publisher={CRC press}
}

@book{jamesEtAl:2013,
  title={An introduction to statistical learning},
  author={James, Gareth and Witten, Daniela and Hastie, Trevor and Tibshirani, Robert},
  volume={112},
  year={2013},
  publisher={Springer}
}
