%%% Title:    Statistical Learning Papers
%%% Author:   Edoardo Costantini
%%% Created:  2019-12-13
%%% Modified: 2019-12-13

@article{breiman:2001,
  title={Random forests},
  author={Breiman, Leo},
  journal={Machine learning},
  volume={45},
  number={1},
  pages={5--32},
  year={2001},
  publisher={Springer}
}

@article{burtonEtAl:2006,
	title={The design of simulation studies in medical statistics},
	author={Burton, Andrea and Altman, Douglas G and Royston, Patrick and Holder, Roger L},
	journal={Statistics in medicine},
	volume={25},
	number={24},
	pages={4279--4292},
	year={2006},
	publisher={Wiley Online Library},
	annote={
		This source is fundamental to plan simulation studies and justify decisions made for all its aspects. 
		It contains great descriptions of performance measures, the idea behind them, their computation, and assesment.
		In particular, it is helpful for `Confidence Interval Coverage' providing a helpful simulation specific rule of thumb.
		}
}

@article{hoerlKennard:1970,
	title={Ridge regression: Biased estimation for nonorthogonal problems},
	author={Hoerl, Arthur E and Kennard, Robert W},
	journal={Technometrics},
	volume={12},
	number={1},
	pages={55--67},
	year={1970},
	publisher={Taylor \& Francis Group},
	annote={
		Original reference for ridge penalty.
	}
}

@article{liEtAl:2018,
	title={A review on machine learning principles for multi-view biological data integration},
	author={Li, Yifeng and Wu, Fang-Xiang and Ngom, Alioune},
	journal={Briefings in bioinformatics},
	volume={19},
	number={2},
	pages={325--340},
	year={2018},
	publisher={Oxford University Press},
	annote={
		Good source to review how multiple sources of data (multi-view) on the same subjects are analysed in medical research.
	}
}

@article{tibshirani:1996,
	title={Regression shrinkage and selection via the lasso},
	author={Tibshirani, Robert},
	journal={Journal of the Royal Statistical Society: Series B (Methodological)},
	volume={58},
	number={1},
	pages={267--288},
	year={1996},
	publisher={Wiley Online Library},
	annote={
		Original reference for lasso penalty.
	}
}

@article{vanLoonEtAl:2020,
	title={Stacked Penalized Logistic Regression for Selecting Views in Multi-View Learning},
	author={van Loon, Wouter and Fokkema, Marjolein and Szabo, Botond and de Rooij, Mark},
	journal={Information Fusion},
	year={2020},
	publisher={Elsevier},
	annote = {
		Interesting approach to analyse multi-view data.
	}
}

@article{zou:2006,
	title={The adaptive lasso and its oracle properties},
	author={Zou, Hui},
	journal={Journal of the American statistical association},
	volume={101},
	number={476},
	pages={1418--1429},
	year={2006},
	publisher={Taylor \& Francis}
}

@article{zouHastie:2005,
	title={Regularization and variable selection via the elastic net},
	author={Zou, Hui and Hastie, Trevor},
	journal={Journal of the royal statistical society: series B (statistical methodology)},
	volume={67},
	number={2},
	pages={301--320},
	year={2005},
	publisher={Wiley Online Library},
	annote={
		Paper proposing Elastic Net (EN) Penalty.
	}
}