%%% Title:        Programming Papers
%%% Author:    Edoardo Costantini
%%% Created:  2020-11-20
%%% Modified: 2020-11-20

@misc{EVS:2017,
	author = "EVS",
	title = "European Values Study 2017: Integrated Dataset (EVS 2017)",
	year = "2020",
	howpublished = "GESIS Data Archive, Cologne. ZA7500 Data file Version 3.0.0, https://doi.org/10.4232/1.13511",
	doi = "10.4232/1.13511",
}

@misc{EVSbib,
	title = "EVS Bibliography",
	author = "EVS",
	year = "2020",
	Note   = "\url{https://europeanvaluesstudy.eu/education-dissemination-publications/evs-publications/publications/}
					[Accessed: 2020-09-30]",
}