%%% Title:        Survey studies
%%% Author:    Edoardo Costantini
%%% Created:  2020-11-25

@article{guadagnoliCleary:1992,
	title={Age-related item nonresponse in surveys of recently discharged patients},
	author={Guadagnoli, Edward and Cleary, Paul D},
	journal={Journal of Gerontology},
	volume={47},
	number={3},
	pages={P206--P212},
	year={1992},
	publisher={The Gerontological Society of America}
}

@article{harronEtAl:2017,
  title={Challenges in administrative data linkage for research},
  author={Harron, Katie and Dibben, Chris and Boyd, James and Hjern, Anders and Azimaee, Mahmoud and Barreto, Mauricio L and Goldstein, Harvey},
  journal={Big data \& society},
  volume={4},
  number={2},
  pages={2053951717745678},
  year={2017},
  publisher={Sage Publications Sage UK: London, England},
  annote={
	Offers some references and reflections on the problem of missing data for administrative linked data.
  }
}

@article{immerzeel:2015,
	title={Explaining the gender gap in radical right voting: A cross-national investigation in 12 Western European countries},
	author={Immerzeel, Tim and Coff{\'e}, Hilde and Van der Lippe, Tanja},
	journal={Comparative European Politics},
	volume={13},
	number={2},
	pages={263--286},
	year={2015},
	publisher={Springer}
}

@article{jutteEtAl:2011,
  title={Administrative record linkage as a tool for public health research},
  author={Jutte, Douglas P and Roos, Leslie L and Brownell, Marni D},
  journal={Annual review of public health},
  volume={32},
  pages={91--108},
  year={2011},
  publisher={Annual Reviews},
  annote={
	Resource explaining how linked individual-level data has become an attractive for public health 
	researchers.
  }
}

@article{koneke:2014,
	title={Trust increases euthanasia acceptance: a multilevel analysis using the European Values Study},
	author={K{\"o}neke, Vanessa},
	journal={BMC Medical Ethics},
	volume={15},
	number={1},
	pages={86},
	year={2014},
	publisher={Springer}
}

@article{kozyrskyjEtAl:2009,
  title={A novel study design to investigate the early-life origins of asthma in children (SAGE study)},
  author={Kozyrskyj, AL and HayGlass, KT and Sandford, AJ and Pare, PD and Chan-Yeung, M and Becker, AB},
  journal={Allergy},
  volume={64},
  number={8},
  pages={1185--1193},
  year={2009},
  publisher={Wiley Online Library},
  annote={
	Example of existing administrative data successfully linked to case control survey populations with 
	individual biological data.
  }
}

@article{leeuwEtAl:2003,
	title={Prevention and treatment of item nonresponse},
	author={De Leeuw, Edith D and Hox, Joop J and Huisman, Mark},
	journal={Journal of Official Statistics},
	volume={19},
	pages={153--176},
	year={2003}
}