%%% Title:    Missing Data Software Documentation
%%% Author:   Kyle M. Lang
%%% Created:  2019-09-13
%%% Modified: 2019-09-13

@manual{CALIBERrfimpute,
    title = {CALIBERrfimpute: Imputation in MICE using Random Forest},
    author = {Anoop D. Shah},
    year = {2018},
    note = {R package version 1.0-1},
  }

@Manual{blasso,
    title = {blasso: MCMC for Bayesian Lasso Regression Model},
    author = {Chris Hans},
    year = {2010},
    note = {R package version 0.3},
    url = {http://www.stat.osu.edu/~hans/},
  }

@manual{imputeR,
  title = {A general imputation framework in {R}},
  author = {Feng, Lingbing and Nowak, Gen and Welsh, Alan H. and O'Neill, Terry J.},
  year = {2014},
  month = {July},
  note = {R package version 1.0.0},
  url = {http://cran.r-project.org/web/packages/imputeR/index.html}
}

@article{mi,
  title = {Multiple imputation with diagnostics (mi) in R: opening windows into the black box},
  author = {Su, Yu-Sung and Yajima, Masanao and Gelman, Andrew E and Hill, Jennifer},
  year = {2011},
  journal = {Journal of Statistical Software},
  number = {2},
  pages = {1--31},
  volume = {45}
}

@article{mice,
  title = {{mice}: Multivariate Imputation by Chained Equations in {R}},
  author = {van Buuren, Stef and Groothuis-Oudshoorn, Karin},
  year = {2011},
  journal = {Journal of Statistical Software},
  number = {3},
  pages = {1--67},
  volume = {45}
}

@Manual{missForest,
	title = {missForest: Nonparametric Missing Value Imputation using Random Forest},
	author = {Daniel J. Stekhoven},
	year = {2013},
	note = {R package version 1.4},
}

@manual{mix,
	title = {Estimation/Multiple Imputation for Mixed Categorical and Continuous Data},
	author = {Schafer, Joseph L.},
	year = {2013},
	month = {August},
	note = {R package version 1.0-8},
	url = {http://sites.stat.psu.edu/~jls/misoftwa.html}
}

@Manual{PcAux,
    title = {PcAux: Automatically extract auxiliary features for simple, principled missing data analysis},
    author = {Kyle M. Lang and Todd D. Little and {PcAux Development Team}},
    year = {2018},
    note = {R package version 0.0.0.9013},
    url = {https://github.com/PcAux-Package/PcAux},
  }
