%%% Title:        Missing Data Online Resources
%%% Author:    Edoardo Costantini
%%% Created:  2020-12-04

@online{vinkVanBuuren:2019,
  author = {Vink, Gerko and van Buuren, Stef},
  title = {Hybrid Imputation},
  year = 2019,
  url = {https://www.gerkovink.com/London2019/},
  urldate = {2020-12-04},
  annote = {
	  Quick intro to imputation merging JM and FCS frameworks in an hybrid approach.
  }
}


