%%% Title:    Statistical Learning Software and manuals of softwar
%%% Author:   Edoardo Costanitni
%%% Created:  2021-01-07
%%% Modified: 2021-01-07

@software{pandas:2020,
	author = {The pandas development team},
	title = {pandas-dev/pandas: Pandas},
	month = feb,
	year = 2020,
	publisher = {Zenodo},
	version = {latest},
	doi = {10.5281/zenodo.3509134},
	url = {https://doi.org/10.5281/zenodo.3509134}
}

@manual{R:2020,
    title = {R: A Language and Environment for Statistical Computing},
    author = {{R Core Team}},
    organization = {R Foundation for Statistical Computing},
    address = {Vienna, Austria},
    year = {2020},
    url = {https://www.R-project.org/},
}